<?xml version="1.0" encoding="UTF-8"?><collection xmlns="http://www.loc.gov/MARC21/slim"><record><leader>00465nam--2200169-i-4500</leader><controlfield tag="001">000042143</controlfield><controlfield tag="002">20161230</controlfield><controlfield tag="005">20161230201043</controlfield><controlfield tag="008">060222s1000------------r-----000-0-eng-d</controlfield><datafield ind1=" " ind2=" " tag="040"><subfield code="a">IFIN-HH</subfield></datafield><datafield ind1=" " ind2=" " tag="080"><subfield code="a">621.318.2</subfield></datafield><datafield ind1="1" ind2=" " tag="100"><subfield code="a">Standard, Carl R</subfield></datafield><datafield ind1="1" ind2="0" tag="245"><subfield code="a">The solenoid</subfield><subfield code="b">A module on electricity and magnetism</subfield><subfield code="c">Carl r. standard</subfield></datafield><datafield ind1=" " ind2=" " tag="260"><subfield code="a">New York</subfield><subfield code="b">Mcgraw-hill Book Company</subfield><subfield code="c">1975</subfield></datafield><datafield ind1=" " ind2=" " tag="300"><subfield code="a">44 P</subfield></datafield><datafield ind1=" " ind2=" " tag="852"><subfield code="a">78415</subfield><subfield code="c">537:538</subfield></datafield><datafield ind1=" " ind2=" " tag="CAT"><subfield code="a">Sys</subfield><subfield code="c">20110630</subfield><subfield code="h">093745</subfield></datafield></record></collection>